2131 3708
290 259 445 332 v111
734 258 1419 335 PRAEFATIO.
1478 240 1483 244 ’

290 442 549 537 scriptis
576 440 903 516 botanicis
930 442 1412 531 transscribere,
1446 466 1702 534 tamen,
1732 473 1891 524 cum

287 555 583 629 nostrum
627 542 913 629 studium
970 579 1037 630 et
1107 558 1245 631 aliis
1314 559 1722 633 bibliotheca
1782 566 1888 634 in·-

288 669 539 742 struffls
590 668 924 744 Botanicis
993 695 1135 743 non
1182 671 1451 769 prorsus
1500 674 1894 771 displiceret,

287 800 676 878 apparatum
701 782 1027 857 librorum
1069 785 1348 858 studiose
1375 790 1728 881 euoluere,
1771 814 1895 859 nu-

284 921 517 972 meros
544 895 824 970 adiicere
857 920 924 970 et
973 900 1356 972 continuata
1381 902 1462 972 ad
1499 903 1751 998 plantas
1797 923 1897 974 at-

294 1010 599 1081 tentione
685 1010 1178 1087 obseruationes
1238 1013 1509 1101 nostra&
1582 1037 1901 1112 quantum

295 1122 441 1196 fieri
474 1123 709 1219 posset,
744 1151 979 1220 augere
1017 1127 1313 1200 decreui:
1377 1129 1487 1201 sed
1522 1154 1792 1200 munera
1831 1131 1904 1202 in

296 1238 661 1309 Academia
692 1241 908 1312 nostra
938 1241 1103 1312 mihi
1119 1240 1427 1337 impofita
1445 1300 1462 1328 ‚
1494 1245 1599 1315 alii
1627 1242 1904 1338 suscepti

294 1352 554 1423 labores
587 1375 654 1423 et
684 1356 1099 1427 occurrentia
1127 1357 1604 1452 impedimenta
1629 1358 1720 1429 ita
1737 1357 1906 1428 mihi

301 1492 506 1536 omne
527 1488 799 1559 ‚tempus
834 1469 1237 1561 eripuerunt,
1271 1493 1349 1543 vt
1381 1498 1503 1567 per
1524 1471 1758 1542 decem
1775 1473 1909 1542 iam

297 1605 508 1650 annos
541 1580 790 1673 piantas
835 1581 904 1650 in
949 1580 1225 1652 hortulo
1270 1585 1500 1654 nostro
1545 1586 1783 1670 cultas,
1840 1607 1910 1658 et

297 1692 382 1764 ad
426 1692 606 1762 hunc
649 1719 861 1789 Vsque
904 1693 1081 1764 diem
1145 1695 1553 1770 conseruatas
1615 1696 1908 1791 fugitiuo

301 1826 560 1876 tantum
596 1808 798 1876 oculo
839 1807 1144 1902 aspicere,
1193 1835 1530 1907 nunquam
1569 1832 1789 1881 tamen
1829 1810 1913 1882 ad

302 1919 800 1991 confirmandos
837 1922 1229 1996 characteres
1247 1923 1599 1996 botanicos
1617 1947 1914 1997 accurate

305 2035 744 2126 contemplari
783 2037 1122 2128 potuerim
1237 2038 1349 2108 Sic
1391 2064 1426 2108 a
1458 2038 1706 2111 deliciis
1749 2040 1802 2108 F
1804 2040 1909 2109 lo-

306 2172 413 2218 rae
441 2169 739 2220 remotus
773 2148 1251 2245 disquisitiones
1287 2153 1622 2246 repetitaS‚
1656 2152 1738 2223 ad
1766 2178 1910 2224 rem

309 2259 671 2334 herbariam
697 2262 1168 2358 perficiendam
1197 2267 1482 2339 omnino
1501 2266 1912 2368 ..necess‘ariaffl

315 2375 633 2472 praestare
662 2377 837 2450 haud
864 2380 1081 2474 potui.

483 2603 820 2701 Equidem
891 2632 1065 2678 anno
1123 2606 1663 2706 quinquagesimo
1722 2606 1910 2683 sexto

317 2739 417 2788 res
450 2740 632 2788 meae
663 2721 752 2789 ita
782 2743 1198 2816 comparatae
1229 2744 1433 2806 erant,
1473 2745 1551 2794 vt
1579 2722 1660 2792 ad
1685 2748 1911 2794 amoe-
1953 2775 1957 2779 ‡

316 2829 527 2902 niffim
535 2856 638 2903 am
652 2832 916 2905 Floram
931 2834 1211 2907 redirem
1232 2859 1296 2907 et
1311 2836 1638 2908 botanicis
1667 2836 1909 2907 labori-

320 2941 445 3013 bus
481 2945 769 3018 crebrius
798 2974 1117 3032 vacarem,
1150 2949 1258 3022 sed
1273 2950 1515 3034 otium,
1548 2972 1714 3020 tunc
1740 2971 1912 3021 tem-

319 3058 506 3150 poris
537 3059 699 3130 mihi
728 3061 1125 3146 concessum,
1164 3065 1234 3134 in
1261 3089 1507 3135 nouam
1543 3063 1913 3134 editionem

320 3167 809 3247 institutionum
854 3176 1037 3272 regni
1083 3177 1464 3272 vegetabilis
1520 3175 1911 3272 impenden-

1752 3287 1913 3361 dum
