2131 3708
1598 229 1724 291 337

472 354 1102 467 CLASSIS
1175 359 1401 469 XII.

122 547 528 662 Plantae
580 545 832 658 flore
901 545 1418 668 inuoluto,
1494 589 1717 704 per·

247 709 548 839 festo,
604 706 1283 860 pentapeta10‚
1353 750 1577 823 vm—

725 864 1122 982 bell-ato,

118 1153 124 1157 ,
256 1100 578 1177 mbellatae,
603 1099 731 1179 siue
751 1100 1139 1183 vmhellijerae
1163 1101 1398 1182 plantae
1427 1103 1716 1178 dicuntur,

277 1207 432 1269 quae
456 1206 526 1246 ex
551 1187 708 1267 apice
735 1187 913 1248 caulis
937 1205 990 1248 et
1021 1206 1341 1258 ramorum,
1379 1189 1566 1251 radiis
1585 1191 1716 1272 plus

113 1268 305 1330 minus
326 1269 543 1353 copiosts
555 1269 840 1351 fitrgunn
872 1270 1167 1352 pauciores
1178 1270 1320 1351 sunt
1331 1272 1635 1354 fimplices,
1652 1275 1715 1334 in

113 1351 355 1436 reliquis
376 1376 508 1417 vero
547 1377 616 1415 ex
620 1353 960 1434 summitate
994 1354 1146 1416 radii
1168 1362 1376 1418 iterum
1394 1356 1716 1436 pedunculi‚

95 1435 280 1515 flores
295 1437 629 1518 stistinentes
657 1483 674 1512 ‚
736 1438 980 1514 radiati,
1026 1458 1231 1501 exeunt
1282 1459 1337 1502 et
1386 1442 1718 1504 vmhellulas

94 1517 323 1598 ststunt,
350 1544 499 1606 quae
521 1522 702 1603 igitur
724 1521 991 1584 vmbellae
1023 1521 1343 1603 compofitae
1366 1524 1478 1587 dici
1502 1544 1716 1585 meren-

107 1619 227 1748 tiuz.
318 1609 383 1666 In
409 1605 812 1690 ltisftquentes
838 1622 1041 1688 partes
1079 1609 1417 1671 conueniunt
1447 1626 1503 1671 et
1526 1609 1718 1671 notari

149 1710 178 1747 e
213 1707 332 1750 ent:
503 1712 507 1716 ·

191 1796 499 1860 Inuolucra
525 1796 873 1878 vniuerfitlia
895 1796 1166 1861 vmbellae
1199 1797 1462 1878 majoris,
1489 1816 1544 1860 et
1573 1816 1715 1880 par-

108 1878 284 1941 tialia
305 1881 742 1945 vmbellularum
757 1883 1035 1948 Artedus,
1062 1900 1116 1943 et
1137 1881 1251 1961 post
1272 1902 1398 1943 eum
1414 1883 1714 1959 Limtaeus,

110 1980 393 2047 tanquam
429 1963 914 2044 fundamentum·
955 1961 1365 2043 distributionis
1429 1964 1713 2044 aa‘siimfi-

44 2096 58 2103 ,
110 2064 253 2108 runt
275 2070 296 2113 ;
374 2047 505 2112 licet
539 2048 715 2111 nimis
748 2049 976 2112 varient
1008 2067 1064 2111 et
1090 2051 1192 2111 vix
1205 2047 1439 2131 stuiper
1460 2045 1714 2131 effintia-

108 2129 193 2192 lia
224 2130 364 2210 fint.

198 2236 504 2310 Ouarium,
538 2235 602 2295 in
602 2238 732 2319 fine
747 2237 1051 2320 pectunculi
1072 2235 1331 2310 haerens,
1362 2237 1531 2301 calice
1550 2239 1712 2324 quin-

108 2322 484 2405 quedentato,
505 2318 744 2403 fizepius
767 2323 870 2384 vix
889 2322 1182 2404 conspicua,
1217 2341 1540 2386 coronatur.
1700 2336 1704 2342 “

194 2437 398 2502 Petala
409 2435 554 2518 fiant
576 2436 852 2525 quinque,
867 2461 1112 2524 quorum
1136 2436 1558 2521 irregularitas,
1580 2453 1706 2527 tum

110 2523 333 2585 ratione
337 2523 590 2604 figurae,
629 2543 754 2586 tum
781 2525 1002 2587 ratione
1006 2523 1183 2605 fitus,
1206 2524 1440 2605 saepius
1463 2522 1707 2594 euidens,

96 2605 330 2687 saepius
349 2606 563 2667 incerta
586 2606 660 2687 est
672 2629 695 2679 ,-
732 2609 947 2671 dantur
963 2628 1158 2671 tamen
1167 2609 1370 2688 flores,
1412 2604 1513 2690 qui
1535 2604 1707 2666 omni-

112 2711 183 2751 no
215 2690 296 2752 ad
321 2689 613 2770 regulares
643 2690 863 2772 referri
896 2695 1204 2754 merentur.
1288 2688 1394 2753 Ad
1410 2690 1585 2768 flores
1620 2705 1707 2749 ro-

92 2774 291 2856 saceos
325 2773 524 2834 retulit
561 2771 1036 2855 Tournefht·tiu53
1085 2777 1170 2838 ad
1190 2776 1544 2855 irregulares
1572 2788 1708 2854 pen·

109 2856 385 2938 tapetalos
419 2856 691 2926 Riuiuus;
724 2858 879 2923 nobis
893 2861 1245 2944 peculiarem
1276 2855 1493 2940 claffi’m
1515 2853 1711 2932 consti-

108 2959 274 3004 tuere
286 2940 526 3021 placuit.

195 3057 457 3119 Stamina
478 3057 739 3143 quinque
760 3058 820 3120 in
851 3055 1109 3124 omnibus
1133 3099 1153 3136 ,
1200 3052 1330 3122 hinc
1361 3052 1446 3119 ad
1461 3069 1708 3140 pentan-

109 3137 274 3206 drias
300 3140 503 3207 retulit
530 3146 834 3208 Linnaeus.

892 3291 949 3358 Y
1286 3383 1289 3387 .
1561 3283 1710 3370 Styli
