2131 3708
551 345 1236 422 PRAEFATIO.
1636 349 1706 423 V

98 531 444 626 principiis
473 532 837 605 Vniuersalis
854 555 1224 626 corporum
1252 526 1692 611 consideratio

97 644 368 717 stabilita
422 647 546 730 est,
599 665 762 714 tunc
815 644 897 713 ad
956 669 1230 716 examen
1288 644 1692 738 singulorum

96 781 500 854 corporum,
569 783 732 854 quae
771 757 970 829 nobis
1016 758 1422 840 offeruntur,
1467 784 1685 853 regre-

94 869 408 940 diendum
443 871 602 954 erit,
648 896 787 968 quo
818 894 1075 964 genera,
1106 871 1349 965 species
1384 894 1449 942 ct
1479 874 1685 944 varie-

89 984 256 1054 tates
298 1007 378 1054 ex
410 983 878 1056 characteribus
921 985 1021 1056 his
1069 984 1357 1056 definitis
1388 1007 1682 1058 accurate

80 1096 576 1169 -coordinentur
637 1119 706 1169 et
775 1098 975 1172 electa
1044 1095 1405 1171 methodus
1479 1095 1682 1192 p'erfi-

87 1212 315 1286 ciatur.

214 1437 433 1508 -Hunc
489 1436 702 1532 ipsum
743 1438 1038 1509 laborem
1094 1439 1166 1508 in
1221 1435 1410 1508 omni
1457 1459 1679 1506 rerum

82 1552 472 1622 naturalium
502 1552 753 1623 ambitu
781 1551 972 1623 semel
1008 1533 1380 1647 iterumque
1413 1547 1678 1643 suscepi,

76 1678 152 1736 'et
214 1690 371 1735 cum
428 1665 712 1734 eundem
744 1689 898 1734 vere
953 1663 1228 1733 arduum
1284 1663 1672 1747 inuenerim‚

79 1779 339 1849 nonita
368 1776 638 1875 quidem
663 1776 955 1869 perfeci,
979 1797 1057 1846 vt
1088 1775 1419 1846 scientiam
1450 1775 1674 1869 acqui-

79 1889 266 1963 fitam
320 1891 390 1960 in
446 1890 726 1960 aliorum
780 1889 1224 1960 commodum
1282 1907 1673 1958 conuertere

78 2005 457 2098 potuerim3
521 2003 688 2073 mihi
748 2004 984 2099 potius
1036 2004 1106 2073 in
1160 1999 1670 2098 peruestigandis

76 2117 272 2189 rebus
315 2117 715 2189 naturalibus
759 2142 1063 2189 normam
1121 2111 1535 2211 praescripsi,
1585 2113 1668 2184 ad

77 2256 274 2328 quam
329 2257 488 2303 cum
529 2232 737 2328 aliqua
767 2231 1127 2303 constantia
1167 2230 1345 2300 ideas
1389 2229 1669 2321 dirigere

75 2346 365 2440 possem,
405 2344 677 2416 tandem
718 2368 884 2417 vero
927 2371 1057 2441 pro
1118 2345 1377 2416 ratione
1418 2332 1667 2413 studio-

79 2483 227 2530 rum
268 2485 576 2531 meorum
609 2459 689 2529 ad
728 2459 925 2531 solam
974 2485 1115 2531 rem
1151 2457 1514 2530 herbariam
1545 2479 1664 2524 co-

76 2573 336 2646 lendam
368 2597 435 2646 et
477 2574 612 2644 aliis
641 2574 1022 2646 tradendam
1050 2598 1159 2644 mc
1206 2567 1558 2665 composui
1593 2587 1663 2638 et

76 2689 269 2761 variis
299 2688 630 2782 opusculis
652 2744 669 2770 ‚
710 2688 781 2758 in
813 2687 990 2759 hunc
1019 2687 1205 2759 Vsum
1246 2681 1661 2776 conscriptis,

72 2804 416 2874 doctrinae
459 2801 714 2872 nostrae
771 2803 1045 2874 alumnis
1094 2801 1272 2873 Vtilis
1340 2795 1464 2869 effe
1516 2790 1664 2865 ten'-

73 2920 226 2989 taui.

244 3140 453 3216 Anno
499 3142 717 3238 itaque
755 3139 1096 3235 trigesimo
1146 3137 1433 3233 septimo
1471 3127 1668 3200 huius

56 3284 61 3297 ¹
80 3253 271 3327 seculi
293 3310 310 3339 ‚
354 3276 676 3326 monente
718 3256 810 3326 111.
846 3280 914 3324 w
932 3279 975 3323 A
1000 3280 1034 3323 1.
1056 3279 1107 3325 T
1127 3278 1175 3324 H
1195 3278 1230 3322 E
1250 3261 1294 3322 R
1313 3275 1359 3321 o
1377 3305 1395 3333 ,
1437 3240 1670 3313 defini-

915 3392 951 3437 a
1003 3395 1033 3463 3
1450 3358 1669 3429 tiones
