<?xml version="1.0" encoding="UTF-8"?>
<!DOCTYPE html PUBLIC "-//W3C//DTD XHTML 1.0 Transitional//EN"
    "http://www.w3.org/TR/xhtml1/DTD/xhtml1-transitional.dtd">
<html xmlns="http://www.w3.org/1999/xhtml" xml:lang="en" lang="en">
 <head>
  <title>
</title>
<meta http-equiv="Content-Type" content="text/html;charset=utf-8" />
  <meta name='ocr-system' content='tesseract 3.04.00' />
  <meta name='ocr-capabilities' content='ocr_page ocr_carea ocr_par ocr_line ocrx_word'/>
</head>
<body>
  <div class='ocr_page' id='page_1' title='image "./dchristianigottl00ludw_0018.png"; bbox 0 0 2131 3708; ppageno 0'>
   <div class='ocr_carea' id='block_1_1' title="bbox 337 268 1457 353">
    <p class='ocr_par' dir='ltr' id='par_1_1' title="bbox 337 268 1457 353">
     <span class='ocr_line' id='line_1_1' title="bbox 337 268 1457 353; baseline -0.003 -2"><span class='ocrx_word' id='word_1_1' title='bbox 337 277 519 353; x_wconf 87' lang='lat' dir='ltr'>Xllll</span> <span class='ocrx_word' id='word_1_2' title='bbox 847 268 1457 348; x_wconf 66' lang='lat' dir='ltr'>PRAFATIOL</span> 
     </span>
    </p>
   </div>
   <div class='ocr_carea' id='block_1_2' title="bbox 337 455 1923 779">
    <p class='ocr_par' dir='ltr' id='par_1_2' title="bbox 337 455 1923 779">
     <span class='ocr_line' id='line_1_2' title="bbox 338 455 1923 552; baseline -0.001 -20"><span class='ocrx_word' id='word_1_3' title='bbox 338 455 645 532; x_wconf 86' lang='lat' dir='ltr'>methodi</span> <span class='ocrx_word' id='word_1_4' title='bbox 673 478 862 528; x_wconf 89' lang='lat' dir='ltr'>verae</span> <span class='ocrx_word' id='word_1_5' title='bbox 902 457 1153 552; x_wconf 86' lang='lat' dir='ltr'>legibus</span> <span class='ocrx_word' id='word_1_6' title='bbox 1192 483 1334 528; x_wconf 89' lang='lat' dir='ltr'>non</span> <span class='ocrx_word' id='word_1_7' title='bbox 1364 456 1722 543; x_wconf 87' lang='lat' dir='ltr'>obediunt,</span> <span class='ocrx_word' id='word_1_8' title='bbox 1780 482 1923 531; x_wconf 90' lang='lat' dir='ltr'>non</span> 
     </span>
     <span class='ocr_line' id='line_1_3' title="bbox 337 567 1922 666; baseline 0.001 -21"><span class='ocrx_word' id='word_1_9' title='bbox 337 567 799 665; x_wconf 73' lang='lat' dir='ltr'>negligendae,</span> <span class='ocrx_word' id='word_1_10' title='bbox 830 569 938 642; x_wconf 92' lang='lat' dir='ltr'>sed</span> <span class='ocrx_word' id='word_1_11' title='bbox 982 571 1206 666; x_wconf 88' lang='lat' dir='ltr'>paffim</span> <span class='ocrx_word' id='word_1_12' title='bbox 1235 574 1306 642; x_wconf 91' lang='lat' dir='ltr'>in</span> <span class='ocrx_word' id='word_1_13' title='bbox 1354 569 1922 646; x_wconf 85' lang='lat' dir='ltr'>obseruationibus</span> 
     </span>
     <span class='ocr_line' id='line_1_4' title="bbox 337 680 1342 779; baseline -0.001 -22"><span class='ocrx_word' id='word_1_14' title='bbox 337 683 573 757; x_wconf 87' lang='lat' dir='ltr'>additis</span> <span class='ocrx_word' id='word_1_15' title='bbox 622 680 1101 779; x_wconf 86' lang='lat' dir='ltr'>subiungendae</span> <span class='ocrx_word' id='word_1_16' title='bbox 1142 707 1342 758; x_wconf 90' lang='lat' dir='ltr'>erant.</span> 
     </span>
    </p>
   </div>
   <div class='ocr_carea' id='block_1_3' title="bbox 331 915 1961 3401">
    <p class='ocr_par' dir='ltr' id='par_1_3' title="bbox 331 915 1961 3293">
     <span class='ocr_line' id='line_1_5' title="bbox 500 915 1925 1013; baseline 0.003 -26"><span class='ocrx_word' id='word_1_17' title='bbox 500 915 687 987; x_wconf 89' lang='lat' dir='ltr'>Cum</span> <span class='ocrx_word' id='word_1_18' title='bbox 774 916 994 1013; x_wconf 85' lang='lat' dir='ltr'>itaque</span> <span class='ocrx_word' id='word_1_19' title='bbox 1080 918 1354 1013; x_wconf 88' lang='lat' dir='ltr'>optimo</span> <span class='ocrx_word' id='word_1_20' title='bbox 1433 935 1925 998; x_wconf 69' lang='lat' dir='ltr'>BOEHMERO</span> 
     </span>
     <span class='ocr_line' id='line_1_6' title="bbox 335 1030 1925 1130; baseline 0.003 -29"><span class='ocrx_word' id='word_1_21' title='bbox 335 1053 517 1101; x_wconf 85' lang='lat' dir='ltr'>nunc</span> <span class='ocrx_word' id='word_1_22' title='bbox 548 1049 760 1123; x_wconf 83' lang='lat' dir='ltr'>grates</span> <span class='ocrx_word' id='word_1_23' title='bbox 785 1030 1174 1123; x_wconf 82' lang='lat' dir='ltr'>persoluam,</span> <span class='ocrx_word' id='word_1_24' title='bbox 1230 1032 1416 1130; x_wconf 88' lang='lat' dir='ltr'>quod</span> <span class='ocrx_word' id='word_1_25' title='bbox 1445 1054 1703 1104; x_wconf 84' lang='lat' dir='ltr'>tantum</span> <span class='ocrx_word' id='word_1_26' title='bbox 1737 1033 1925 1105; x_wconf 92' lang='lat' dir='ltr'>labo-</span> 
     </span>
     <span class='ocr_line' id='line_1_7' title="bbox 336 1142 1926 1245; baseline 0.002 -30"><span class='ocrx_word' id='word_1_27' title='bbox 336 1168 477 1215; x_wconf 88' lang='lat' dir='ltr'>rem</span> <span class='ocrx_word' id='word_1_28' title='bbox 504 1142 833 1214; x_wconf 89' lang='lat' dir='ltr'>beneuole</span> <span class='ocrx_word' id='word_1_29' title='bbox 865 1143 1215 1239; x_wconf 69' lang='lat' dir='ltr'>suscipere,</span> <span class='ocrx_word' id='word_1_30' title='bbox 1260 1147 1503 1229; x_wconf 87' lang='lat' dir='ltr'>multa,</span> <span class='ocrx_word' id='word_1_31' title='bbox 1535 1152 1698 1245; x_wconf 84' lang='lat' dir='ltr'>quae</span> <span class='ocrx_word' id='word_1_32' title='bbox 1714 1149 1926 1218; x_wconf 87' lang='lat' dir='ltr'>corri-</span> 
     </span>
     <span class='ocr_line' id='line_1_8' title="bbox 332 1256 1927 1353; baseline 0.003 -25"><span class='ocrx_word' id='word_1_33' title='bbox 332 1256 548 1353; x_wconf 87' lang='lat' dir='ltr'>genda</span> <span class='ocrx_word' id='word_1_34' title='bbox 584 1277 651 1327; x_wconf 93' lang='lat' dir='ltr'>et</span> <span class='ocrx_word' id='word_1_35' title='bbox 705 1257 994 1349; x_wconf 86' lang='lat' dir='ltr'>augenda</span> <span class='ocrx_word' id='word_1_36' title='bbox 1022 1280 1237 1343; x_wconf 85' lang='lat' dir='ltr'>erant,</span> <span class='ocrx_word' id='word_1_37' title='bbox 1283 1259 1563 1332; x_wconf 86' lang='lat' dir='ltr'>studiose</span> <span class='ocrx_word' id='word_1_38' title='bbox 1610 1283 1927 1332; x_wconf 85' lang='lat' dir='ltr'>annotare</span> 
     </span>
     <span class='ocr_line' id='line_1_9' title="bbox 334 1364 1927 1470; baseline 0.003 -28"><span class='ocrx_word' id='word_1_39' title='bbox 334 1393 404 1442; x_wconf 87' lang='lat' dir='ltr'>et</span> <span class='ocrx_word' id='word_1_40' title='bbox 448 1368 721 1453; x_wconf 84' lang='lat' dir='ltr'><strong>addere,</strong></span> <span class='ocrx_word' id='word_1_41' title='bbox 765 1364 1090 1468; x_wconf 77' lang='lat' dir='ltr'>huinsque</span> <span class='ocrx_word' id='word_1_42' title='bbox 1123 1372 1323 1444; x_wconf 82' lang='lat' dir='ltr'>libelli</span> <span class='ocrx_word' id='word_1_43' title='bbox 1377 1370 1927 1470; x_wconf 69' lang='lat' dir='ltr'>editionem‚&#39;per</span> 
     </span>
     <span class='ocr_line' id='line_1_10' title="bbox 331 1484 1928 1585; baseline 0.004 -31"><span class='ocrx_word' id='word_1_44' title='bbox 331 1485 590 1580; x_wconf 82' lang='lat' dir='ltr'>aliquot</span> <span class='ocrx_word' id='word_1_45' title='bbox 623 1506 831 1551; x_wconf 88' lang='lat' dir='ltr'>annos</span> <span class='ocrx_word' id='word_1_46' title='bbox 858 1484 987 1553; x_wconf 85' lang='lat' dir='ltr'>iam</span> <span class='ocrx_word' id='word_1_47' title='bbox 1020 1486 1430 1585; x_wconf 74' lang='lat' dir='ltr'>retardatam,</span> <span class='ocrx_word' id='word_1_48' title='bbox 1460 1488 1774 1560; x_wconf 83' lang='lat' dir='ltr'>exhibere</span> <span class='ocrx_word' id='word_1_49' title='bbox 1798 1516 1928 1561; x_wconf 87' lang='lat' dir='ltr'>vo-</span> 
     </span>
     <span class='ocr_line' id='line_1_11' title="bbox 331 1594 1930 1688; baseline 0.004 -21"><span class='ocrx_word' id='word_1_50' title='bbox 331 1597 564 1680; x_wconf 86' lang='lat' dir='ltr'>luerit,</span> <span class='ocrx_word' id='word_1_51' title='bbox 622 1619 764 1664; x_wconf 91' lang='lat' dir='ltr'>non</span> <span class='ocrx_word' id='word_1_52' title='bbox 798 1619 970 1688; x_wconf 82' lang='lat' dir='ltr'>opus</span> <span class='ocrx_word' id='word_1_53' title='bbox 1005 1594 1129 1678; x_wconf 87' lang='lat' dir='ltr'>est,</span> <span class='ocrx_word' id='word_1_54' title='bbox 1158 1618 1237 1668; x_wconf 83' lang='lat' dir='ltr'>vt</span> <span class='ocrx_word' id='word_1_55' title='bbox 1276 1599 1437 1669; x_wconf 87' lang='lat' dir='ltr'>illud</span> <span class='ocrx_word' id='word_1_56' title='bbox 1469 1603 1692 1673; x_wconf 88' lang='lat' dir='ltr'>amicis</span> <span class='ocrx_word' id='word_1_57' title='bbox 1733 1602 1930 1673; x_wconf 88' lang='lat' dir='ltr'>bota-</span> 
     </span>
     <span class='ocr_line' id='line_1_12' title="bbox 331 1707 1931 1809; baseline 0.004 -28"><span class='ocrx_word' id='word_1_58' title='bbox 331 1709 653 1805; x_wconf 85' lang='lat' dir='ltr'>nophylis</span> <span class='ocrx_word' id='word_1_59' title='bbox 709 1707 1230 1792; x_wconf 79' lang='lat' dir='ltr'>commendem3</span> <span class='ocrx_word' id='word_1_60' title='bbox 1327 1713 1442 1809; x_wconf 88' lang='lat' dir='ltr'>qui</span> <span class='ocrx_word' id='word_1_61' title='bbox 1500 1715 1681 1785; x_wconf 89' lang='lat' dir='ltr'>enim</span> <span class='ocrx_word' id='word_1_62' title='bbox 1739 1714 1931 1787; x_wconf 85' lang='lat' dir='ltr'>fauor</span> 
     </span>
     <span class='ocr_line' id='line_1_13' title="bbox 332 1820 1935 1919; baseline 0.002 -24"><span class='ocrx_word' id='word_1_63' title='bbox 332 1820 777 1895; x_wconf 54' lang='lat' dir='ltr'>nostris&#39;olim</span> <span class='ocrx_word' id='word_1_64' title='bbox 821 1821 1154 1893; x_wconf 86' lang='lat' dir='ltr'>laboribus</span> <span class='ocrx_word' id='word_1_65' title='bbox 1196 1827 1484 1919; x_wconf 82' lang='lat' dir='ltr'>contigit</span> <span class='ocrx_word' id='word_1_66' title='bbox 1513 1883 1529 1909; x_wconf 83' lang='lat'>‚</span> <span class='ocrx_word' id='word_1_67' title='bbox 1586 1827 1768 1898; x_wconf 86' lang='lat' dir='ltr'>hunc</span> <span class='ocrx_word' id='word_1_68' title='bbox 1809 1855 1935 1900; x_wconf 89' lang='lat' dir='ltr'>nec</span> 
     </span>
     <span class='ocr_line' id='line_1_14' title="bbox 333 1934 1930 2014; baseline 0.003 -5"><span class='ocrx_word' id='word_1_69' title='bbox 333 1936 611 2009; x_wconf 61' lang='lat' dir='ltr'>auetiori</span> <span class='ocrx_word' id='word_1_70' title='bbox 648 1957 713 2005; x_wconf 91' lang='lat' dir='ltr'>et</span> <span class='ocrx_word' id='word_1_71' title='bbox 745 1934 824 2005; x_wconf 91' lang='lat' dir='ltr'>ad</span> <span class='ocrx_word' id='word_1_72' title='bbox 856 1935 1247 2007; x_wconf 82' lang='lat' dir='ltr'>modernam</span> <span class='ocrx_word' id='word_1_73' title='bbox 1281 1938 1472 2012; x_wconf 87' lang='lat' dir='ltr'>huius</span> <span class='ocrx_word' id='word_1_74' title='bbox 1509 1939 1703 2012; x_wconf 85' lang='lat' dir='ltr'>studii</span> <span class='ocrx_word' id='word_1_75' title='bbox 1731 1941 1930 2014; x_wconf 90' lang='lat' dir='ltr'>indo-</span> 
     </span>
     <span class='ocr_line' id='line_1_15' title="bbox 335 2051 1929 2127; baseline 0.002 -4"><span class='ocrx_word' id='word_1_76' title='bbox 335 2053 471 2123; x_wconf 92' lang='lat' dir='ltr'>lem</span> <span class='ocrx_word' id='word_1_77' title='bbox 571 2051 1113 2120; x_wconf 82' lang='lat' dir='ltr'>accommodatae</span> <span class='ocrx_word' id='word_1_78' title='bbox 1191 2051 1470 2124; x_wconf 89' lang='lat' dir='ltr'>editioni</span> <span class='ocrx_word' id='word_1_79' title='bbox 1546 2054 1929 2127; x_wconf 87' lang='lat' dir='ltr'>defuturum</span> 
     </span>
     <span class='ocr_line' id='line_1_16' title="bbox 334 2164 1928 2262; baseline 0.001 -23"><span class='ocrx_word' id='word_1_80' title='bbox 334 2165 681 2262; x_wconf 80' lang='lat' dir='ltr'>speramus,</span> <span class='ocrx_word' id='word_1_81' title='bbox 785 2164 938 2257; x_wconf 79' lang='lat' dir='ltr'>Ego</span> <span class='ocrx_word' id='word_1_82' title='bbox 971 2189 1158 2249; x_wconf 80' lang='lat' dir='ltr'>vem,</span> <span class='ocrx_word' id='word_1_83' title='bbox 1192 2192 1390 2262; x_wconf 87' lang='lat' dir='ltr'>quem</span> <span class='ocrx_word' id='word_1_84' title='bbox 1426 2168 1673 2260; x_wconf 89' lang='lat' dir='ltr'>senium</span> <span class='ocrx_word' id='word_1_85' title='bbox 1701 2170 1928 2240; x_wconf 87' lang='lat' dir='ltr'>immi-</span> 
     </span>
     <span class='ocr_line' id='line_1_17' title="bbox 336 2277 1929 2378; baseline 0.002 -27"><span class='ocrx_word' id='word_1_86' title='bbox 336 2303 501 2351; x_wconf 82' lang='lat' dir='ltr'>nens</span> <span class='ocrx_word' id='word_1_87' title='bbox 531 2299 598 2347; x_wconf 91' lang='lat' dir='ltr'>et</span> <span class='ocrx_word' id='word_1_88' title='bbox 630 2279 939 2349; x_wconf 87' lang='lat' dir='ltr'>cumulati</span> <span class='ocrx_word' id='word_1_89' title='bbox 970 2277 1260 2363; x_wconf 81' lang='lat' dir='ltr'>laboreS‚</span> <span class='ocrx_word' id='word_1_90' title='bbox 1304 2281 1418 2378; x_wconf 88' lang='lat' dir='ltr'>qui</span> <span class='ocrx_word' id='word_1_91' title='bbox 1454 2282 1545 2353; x_wconf 94' lang='lat' dir='ltr'>ob</span> <span class='ocrx_word' id='word_1_92' title='bbox 1575 2302 1929 2355; x_wconf 84' lang='lat' dir='ltr'>munerum</span> 
     </span>
     <span class='ocr_line' id='line_1_18' title="bbox 335 2389 1931 2492; baseline 0.003 -28"><span class='ocrx_word' id='word_1_93' title='bbox 335 2393 665 2464; x_wconf 85' lang='lat' dir='ltr'>rationem</span> <span class='ocrx_word' id='word_1_94' title='bbox 713 2389 1098 2486; x_wconf 85' lang='lat' dir='ltr'>suscipiendi</span> <span class='ocrx_word' id='word_1_95' title='bbox 1140 2392 1319 2477; x_wconf 80' lang='lat' dir='ltr'>sunt,</span> <span class='ocrx_word' id='word_1_96' title='bbox 1388 2422 1530 2466; x_wconf 91' lang='lat' dir='ltr'>non</span> <span class='ocrx_word' id='word_1_97' title='bbox 1589 2399 1931 2492; x_wconf 87' lang='lat' dir='ltr'>patiuntur</span> 
     </span>
     <span class='ocr_line' id='line_1_19' title="bbox 336 2504 1925 2608; baseline 0.003 -30"><span class='ocrx_word' id='word_1_98' title='bbox 336 2508 433 2578; x_wconf 92' lang='lat' dir='ltr'>rei</span> <span class='ocrx_word' id='word_1_99' title='bbox 474 2504 818 2575; x_wconf 89' lang='lat' dir='ltr'>botanicae</span> <span class='ocrx_word' id='word_1_100' title='bbox 848 2531 992 2576; x_wconf 91' lang='lat' dir='ltr'>eam</span> <span class='ocrx_word' id='word_1_101' title='bbox 1036 2531 1310 2601; x_wconf 88' lang='lat' dir='ltr'>operam</span> <span class='ocrx_word' id='word_1_102' title='bbox 1341 2509 1727 2604; x_wconf 88' lang='lat' dir='ltr'>impendere</span> <span class='ocrx_word' id='word_1_103' title='bbox 1743 2566 1767 2605; x_wconf 65' lang='lat'><em>9</em></span> <span class='ocrx_word' id='word_1_104' title='bbox 1798 2523 1925 2608; x_wconf 83' lang='lat' dir='ltr'>qua</span> 
     </span>
     <span class='ocr_line' id='line_1_20' title="bbox 336 2617 1930 2714; baseline 0.004 -24"><span class='ocrx_word' id='word_1_105' title='bbox 336 2622 475 2690; x_wconf 87' lang='lat' dir='ltr'>eius</span> <span class='ocrx_word' id='word_1_106' title='bbox 518 2617 898 2714; x_wconf 89' lang='lat' dir='ltr'>praestantia</span> <span class='ocrx_word' id='word_1_107' title='bbox 958 2621 1338 2713; x_wconf 82' lang='lat' dir='ltr'>attingitur,</span> <span class='ocrx_word' id='word_1_108' title='bbox 1411 2624 1480 2693; x_wconf 88' lang='lat' dir='ltr'>id</span> <span class='ocrx_word' id='word_1_109' title='bbox 1535 2645 1792 2698; x_wconf 86' lang='lat' dir='ltr'>tantum</span> <span class='ocrx_word' id='word_1_110' title='bbox 1857 2627 1930 2696; x_wconf 90' lang='lat' dir='ltr'>in</span> 
     </span>
     <span class='ocr_line' id='line_1_21' title="bbox 334 2731 1961 2832; baseline 0.004 -26"><span class='ocrx_word' id='word_1_111' title='bbox 334 2732 517 2806; x_wconf 87' lang='lat' dir='ltr'>votis</span> <span class='ocrx_word' id='word_1_112' title='bbox 584 2731 834 2817; x_wconf 88' lang='lat' dir='ltr'>habe0‚</span> <span class='ocrx_word' id='word_1_113' title='bbox 892 2754 1002 2819; x_wconf 87' lang='lat' dir='ltr'>vt,</span> <span class='ocrx_word' id='word_1_114' title='bbox 1058 2759 1221 2830; x_wconf 88' lang='lat' dir='ltr'>pace</span> <span class='ocrx_word' id='word_1_115' title='bbox 1260 2737 1538 2832; x_wconf 61' lang='lat' dir='ltr'>reddita5</span> <span class='ocrx_word' id='word_1_116' title='bbox 1594 2741 1961 2812; x_wconf 88' lang='lat' dir='ltr'>interdum·</span> 
     </span>
     <span class='ocr_line' id='line_1_22' title="bbox 334 2845 1928 2942; baseline 0.003 -22"><span class='ocrx_word' id='word_1_117' title='bbox 334 2845 679 2942; x_wconf 87' lang='lat' dir='ltr'>tranquille</span> <span class='ocrx_word' id='word_1_118' title='bbox 709 2846 880 2918; x_wconf 90' lang='lat' dir='ltr'>inter</span> <span class='ocrx_word' id='word_1_119' title='bbox 905 2848 1155 2942; x_wconf 88' lang='lat' dir='ltr'>plantas</span> <span class='ocrx_word' id='word_1_120' title='bbox 1177 2904 1194 2932; x_wconf 88' lang='lat'><strong>‚</strong></span> <span class='ocrx_word' id='word_1_121' title='bbox 1251 2850 1320 2919; x_wconf 89' lang='lat' dir='ltr'>in</span> <span class='ocrx_word' id='word_1_122' title='bbox 1350 2850 1555 2925; x_wconf 87' lang='lat' dir='ltr'>horto</span> <span class='ocrx_word' id='word_1_123' title='bbox 1599 2880 1754 2926; x_wconf 87' lang='lat' dir='ltr'>meo</span> <span class='ocrx_word' id='word_1_124' title='bbox 1787 2854 1928 2926; x_wconf 84' lang='lat' dir='ltr'>cul-</span> 
     </span>
     <span class='ocr_line' id='line_1_23' title="bbox 335 2958 1927 3063; baseline 0.005 -32"><span class='ocrx_word' id='word_1_125' title='bbox 335 2983 468 3046; x_wconf 83' lang='lat' dir='ltr'>taS,</span> <span class='ocrx_word' id='word_1_126' title='bbox 510 2958 743 3031; x_wconf 86' lang='lat' dir='ltr'>versari</span> <span class='ocrx_word' id='word_1_127' title='bbox 775 2982 841 3030; x_wconf 92' lang='lat' dir='ltr'>et</span> <span class='ocrx_word' id='word_1_128' title='bbox 894 2986 974 3032; x_wconf 81' lang='lat' dir='ltr'>ex</span> <span class='ocrx_word' id='word_1_129' title='bbox 1013 2964 1310 3033; x_wconf 88' lang='lat' dir='ltr'>reiterata</span> <span class='ocrx_word' id='word_1_130' title='bbox 1356 2969 1927 3063; x_wconf 87' lang='lat' dir='ltr'>contemplatione</span> 
     </span>
     <span class='ocr_line' id='line_1_24' title="bbox 336 3071 1930 3174; baseline 0.004 -30"><span class='ocrx_word' id='word_1_131' title='bbox 336 3071 582 3170; x_wconf 85' lang='lat' dir='ltr'>aliquid</span> <span class='ocrx_word' id='word_1_132' title='bbox 627 3073 1090 3147; x_wconf 65' lang='lat' dir='ltr'>oblefflamenti</span> <span class='ocrx_word' id='word_1_133' title='bbox 1144 3101 1377 3170; x_wconf 87' lang='lat' dir='ltr'>capere</span> <span class='ocrx_word' id='word_1_134' title='bbox 1428 3081 1686 3174; x_wconf 81' lang='lat' dir='ltr'>poffim.</span> <span class='ocrx_word' id='word_1_135' title='bbox 1805 3084 1930 3151; x_wconf 91' lang='lat' dir='ltr'>lta-</span> 
     </span>
     <span class='ocr_line' id='line_1_25' title="bbox 338 3185 1926 3293; baseline 0.003 -36"><span class='ocrx_word' id='word_1_136' title='bbox 338 3185 707 3293; x_wconf 34' lang='lat' dir='ltr'>queueidem</span> <span class='ocrx_word' id='word_1_137' title='bbox 747 3186 925 3260; x_wconf 90' lang='lat' dir='ltr'>hunc</span> <span class='ocrx_word' id='word_1_138' title='bbox 967 3189 1294 3278; x_wconf 83' lang='lat' dir='ltr'>libellum,</span> <span class='ocrx_word' id='word_1_139' title='bbox 1324 3192 1394 3263; x_wconf 90' lang='lat' dir='ltr'>in</span> <span class='ocrx_word' id='word_1_140' title='bbox 1439 3220 1576 3292; x_wconf 88' lang='lat' dir='ltr'>quo</span> <span class='ocrx_word' id='word_1_141' title='bbox 1611 3193 1926 3291; x_wconf 84' lang='lat' dir='ltr'>quaedam</span> 
     </span>
    </p>

    <p class='ocr_par' dir='ltr' id='par_1_4' title="bbox 1706 3329 1926 3401">
     <span class='ocr_line' id='line_1_26' title="bbox 1706 3329 1926 3401; baseline 0 -25"><span class='ocrx_word' id='word_1_142' title='bbox 1706 3329 1926 3401; x_wconf 82' lang='lat' dir='ltr'>partes</span> 
     </span>
    </p>
   </div>
  </div>
 </body>
</html>
