2131 3708
359 269 458 344 V1
803 219 1493 340 PRAEFATI'Ol

363 453 586 524 tiones
627 470 942 543 generum
1000 451 1402 544 plantarum,
1452 473 1611 548 quas
1625 443 1658 546 9'
1689 450 1771 524 ad
1811 462 1954 526 mess

361 563 656 637 rhodum
695 588 986 637 R1V1N1
1007 619 1024 648 ,
1069 566 1136 635 in
1163 563 1309 636 vsus
1340 590 1599 657 eorum,
1627 567 1834 662 quiin
1862 567 1957 639 rei

364 675 692 751 herbariae
718 678 1113 770 cognitione
1147 704 1184 747 a
1227 703 1337 749 me
1365 677 1723 750 instruendi
1752 699 1959 771 erant,

364 787 886 883 conscripseram,
915 791 1168 885 publici
1206 791 1364 862 iuris
1410 790 1572 876 feci,
1613 817 1752 889 quo
1793 815 1958 863 nor—

366 927 541 976 mam
567 902 903 988 haberent,
944 904 1025 974 ad
1043 930 1237 1002 quam
1265 904 1516 1000 plantas
1551 903 1962 999 detegerent,

364 1015 794 1090 vel·dete&as
846 1019 1204 1091 accuratius
1261 1043 1419 1089 cum
1475 1019 1962 1112 congeneribus

363 1151 847 1224 compararent.
963 1131 1039 1202 In
1082 1130 1227 1226 ipso
1270 1154 1491 1203 autem
1533 1130 1671 1202 hoc
1730 1132 1956 1206 libello

361 1243 844 1315 conscribendo
863 1265 930 1316 et
943 1244 1192 1316 ambitu
1213 1246 1425 1316 totius
1454 1244 1645 1318 studii
1660 1243 1961 1317 botanici

272 1448 277 1453 ι
363 1356 747 1428 emetiendo
782 1357 967 1429 facile
1009 1344 1345 1454 perspexi,
1382 1359 1686 1431 historiae
1743 1380 1811 1431 et
1838 1358 1962 1431 sci-

361 1471 573 1540 entiae
602 1471 907 1540 naturalis
935 1469 1356 1543 fundamenta
1397 1477 1460 1545 &
1499 1473 1825 1568 principia
1859 1472 1962 1544 his

359 1580 517 1676 ipfis
538 1581 762 1652 amicis
787 1578 1181 1675 exponenda
1202 1582 1344 1665 effe,
1374 1609 1513 1679 quo
1541 1585 1963 1659 methodicae

362 1693 813 1789 dispositionis
850 1694 1020 1765 ratio
1065 1719 1145 1764 ex
1174 1694 1252 1765 iis
1296 1693 1699 1770 stabiliretur.
1748 1700 1964 1771 Anno

362 1809 585 1904 itaque
611 1807 904 1904 sequenti
943 1807 1355 1902 aphorismos
1381 1809 1735 1884 botanicos
1786 1837 1963 1907 prae-

363 1922 761 1993 lefflonibus
788 1920 1175 1993 academicis
1208 1925 1765 1997 accommodatos
1794 1952 1960 1998 con-

362 2035 645 2107 cinnaui.
757 2035 937 2106 Cum
971 2058 1190 2106 autem
1223 2046 1393 2109 tunc
1413 2042 1748 2135 'temporis
1788 2041 1859 2111 in
1892 2067 1964 2113 re

361 2147 655 2224 herbaria
695 2148 972 2219 colenda
1013 2151 1296 2222 maxime
1354 2176 1727 2250 occupatus
1769 2153 1960 2228 effem

364 2283 435 2334 et
479 2261 683 2333 ferme
717 2262 1022 2359 quotidie
1062 2265 1167 2335 vel
1214 2266 1394 2338 viuas
1424 2269 1673 2362 plantas
1717 2271 1959 2340 exami-

364 2401 622 2459 narem,
664 2377 771 2447 vel
801 2402 902 2448 eas
930 2402 1082 2449 cum
1113 2379 1391 2477 optimis
1409 2381 1960 2478 descriptionibus

362 2489 843 2563 Botanicorum
886 2490 1295 2578 conferrem,
1364 2496 1436 2567 in
1483 2495 1961 2570 chara&eribus

365 2602 667 2678 eruendis
729 2624 794 2674 et
849 2603 929 2673 ad
983 2626 1245 2677 naturae
1299 2608 1515 2704 legem
1577 2609 1960 2685 ordinandis

364 2717 649 2812 aliquam
681 2716 982 2809 peritiam
1028 2718 1308 2792 obtinui.
1412 2726 1487 2796 ln
1525 2725 1960 2797 institutioni-

366 2828 488 2900 bus
524 2831 744 2925 itaque
776 2831 867 2900 rei
894 2830 1241 2917 herbariae,
1274 2861 1447 2908 anno
1465 2837 1960 2935 quadragesimo
2029 2872 2035 2875 ⁴

364 2941 652 3014 secundo
685 2942 899 3027 editiS,
934 2943 1355 3019 fundamenta
1385 2952 1857 3037 reibotanicae,
1891 2974 1960 3025 et

365 3057 620 3128 ratione
658 3037 1004 3141 historicae
1029 3113 1043 3140 ,
1088 3079 1154 3128 et
1180 3060 1484 3157 physicae
1516 3068 1723 3159 partis
1763 3092 1958 3137 accu-

367 3169 564 3242 ratius
608 3168 846 3245 struere
898 3168 1150 3244 annisus
1182 3167 1276 3246 fui
1323 3197 1390 3249 et
1434 3175 1625 3252 simul
1665 3180 1958 3254 animum

1874 3289 1955 3363 ad
