2131 3708
584 291 1273 397 PRAEFATIO.
1617 323 1744 398 vu

147 507 230 581 ad
272 506 695 581 definitiones
752 528 1068 602 generum
1127 503 1556 598 perficiendas
1616 532 1730 605 ap-

147 623 409 718 plicaui.

302 847 620 917 Attentio
651 872 688 916 L
708 873 724 916 1
745 867 1062 931 NNAm,
1119 870 1312 944 quam
1341 848 1491 942 post
1524 842 1732 923 MA'L-

144 984 524 1032 PIGHIVM
585 981 651 1030 et
682 965 1332 1032 ssoEnHAAva
1378 964 1445 1032 in
1472 963 1731 1037 stamina

139 1096 210 1147 et
239 1073 466 1170 pistilla
492 1075 735 1144 florum
765 1058 1205 1156 conuerterat,
1237 1075 1325 1144 ita
1354 1100 1463 1146 me
1490 1080 1733 1176 mouit,

138 1209 218 1260 vt
292 1187 522 1258 harum
581 1189 868 1282 partium
928 1186 1418 1260 accuratiffimas
1495 1189 1732 1261 descri-

135 1304 408 1399 ptiones
464 1302 534 1372 in
593 1327 766 1373 meas
821 1324 1038 1396 partes
1106 1301 1415 1374 ducerem
1459 1324 1527 1374 et
1592 1305 1729 1375 eius

134 1415 537 1488 methodum
607 1441 761 1486 cum
814 1416 1159 1487 Riuiniana
1235 1417 1729 1510 coniungerem.

131 1531 207 1602 In
235 1555 411 1600 noua
438 1530 657 1626 itaque
686 1528 1153 1600 definitionum
1197 1554 1514 1622 generum
1546 1531 1730 1624 plan-

130 1665 346 1716 tarum
375 1642 711 1732 editione>
771 1666 969 1736 quam
1009 1667 1183 1712 anno
1227 1642 1725 1737 quadragesimo

129 1757 417 1852 septimo
462 1752 765 1835 exhibui,
810 1751 1302 1824 obseruationes
1334 1753 1732 1827 Linnaeanas

133 1872 295 1942 meis
330 1867 574 1950 addidi,
614 1865 1235 1950 TournefortianaS‚
1292 1866 1729 1939 Boerhaauia-

124 2010 238 2056 nas
264 1983 544 2079 aliasque
585 1979 1008 2052 definitiones
1040 2006 1122 2052 ex
1160 1980 1262 2051 his
1291 1981 1727 2053 correfflores

125 2096 427 2178 reddidi,
484 2116 586 2178 et,
632 2119 771 2190 quo
803 2094 1030 2191 aliquis
1077 2091 1251 2192 quasi
1297 2119 1614 2188 generum
1659 2116 1728 2167 et

125 2213 481 2285 nominum
545 2207 1015 2302 genericorum
1089 2209 1288 2304 pinax
1349 2207 1543 2292 esset,
1644 2233 1727 2282 ex

127 2326 391 2424 reliquis
448 2347 722 2420 quoque
771 2324 867 2393 rei
923 2322 1252 2394 herbariae
1294 2319 1726 2417 scriptoribus

126 2441 350 2512 omnia
367 2436 653 2530 congeffi
670 2457 736 2508 et
763 2436 834 2507 in
865 2435 1432 2509 obseruationibus
1448 2434 1715 2529 subieci,

126 2579 290 2652 quae
321 2553 408 2624 ad
436 2551 806 2622 institutum
849 2576 1097 2647 meum
1116 2548 1532 2648 potiffimum
1564 2574 1720 2646 per-

44 2724 47 2734 ,
124 2669 335 2742 tinere
377 2664 794 2750 videbantur,

291 2894 583 2967 Libellus
613 2894 728 2965 vix
758 2888 973 2964 editus
1005 2913 1163 2978 erat,
1199 2916 1355 2963 cum
1387 2892 1515 2961 iam
1545 2890 1720 2961 varia

124 3008 435 3082 mutanda
464 3007 891 3104 addendaque
905 3005 1026 3077 effe
1055 3006 1545 3100 cognoscerem.
1606 3002 1721 3072 Lis

123 3142 232 3192 cet
290 3121 464 3192 enim
508 3122 576 3190 in
618 3121 804 3192 Vsum
849 3119 1235 3191 discentium
1283 3120 1397 3190 vix
1439 3115 1717 3187 necessa-

71 3275 77 3288 ‚
121 3236 295 3308 rium
351 3233 724 3319 videretur,
815 3233 1198 3329 paginarum
1259 3254 1573 3304 numeros
1627 3254 1714 3300 ex

984 3371 1019 3418 a
1071 3372 1120 3433 4
1449 3341 1707 3438 scriptis
