2131 3708
722 208 1087 276 NVDAE.
1402 251 1404 253 ·
1571 226 1698 288 495

192 385 231 427 A
245 385 285 426 G
305 383 338 426 A
351 386 387 426 R
402 384 419 424 1
436 384 471 426 c
484 381 523 426 v
536 381 562 426 s
595 364 749 428 Hall.
773 365 939 426 Helv.
977 383 1073 440 59.
1083 360 1305 444 fimiles
1324 361 1573 454 plantas,
1590 376 1700 455 pe-

94 448 340 524 ‚dunculo
363 445 674 523 destitutas,
696 447 931 540 exhibet,
947 466 1071 508 cum
1093 468 1201 530 quo
1225 465 1520 508 conuenm’
1541 443 1702 511 vule-

104 551 224 608 ταν,
267 552 350 596 ST
365 553 444 595 ER
460 552 605 595 cvm
630 536 763 594 Htll.
783 549 840 613 p.
869 550 962 606 34.

194 648 563 691 AGARmvs
602 625 776 690 Mich.
813 626 879 687 G.
919 645 1049 701 117.
1098 647 1205 688 non
1232 623 1412 704 fillum
1447 646 1700 690 AGAM-

104 734 143 775 c
157 733 195 775 v
211 734 258 775 Μ
285 709 561 791 Hall.stcl
574 731 768 772 omnes
782 708 910 790 fere
920 710 1159 793 plantas
1171 707 1471 791 fimgoshs,
1483 713 1700 793 pedun-

107 795 229 860 culo
253 791 571 869 destitutas,
593 792 829 858 exhibet.

91 920 115 951 ι
183 898 321 970 Atyn
336 916 371 952 R
386 915 402 954 1
419 914 453 955 c
468 915 504 954 v
519 915 545 956 s
579 893 803 958 Battar.
822 913 878 978 p.
896 901 932 955 6
938 901 990 961 6,
1018 895 1260 959 continet
1271 894 1507 978 fimgos,
1531 899 1698 964 nulla

94 975 372 1055 constanti
385 976 590 1058 forma
621 979 880 1050 donatos,
923 980 985 1042 in
1007 1002 1067 1041 eo
1090 981 1509 1050 conuenientes,
1545 981 1707 1065 quod

102 1059 320 1141 duplici
328 1060 515 1140 strato
551 1063 826 1140 cresium,
865 1085 1109 1147 quorum
1124 1063 1396 1145 fhperius
1415 1064 1697 1145 fibrqfitm

99 1140 189 1289 ἕξ,
203 1143 463 1223 inferius,
475 1144 573 1209 vel
585 1146 919 1230 tubulostmz²
942 1147 1041 1210 vel
1039 1146 1348 1228 sinuofimz,
1375 1147 1473 1210 vel
1487 1149 1694 1211 lamel-

160 1246 300 1290 tum.

184 1342 218 1384 F
232 1344 269 1385 v
283 1345 321 1385 N
335 1345 376 1386 G
393 1346 434 1387 o
451 1347 467 1386 1
481 1346 523 1388 D
537 1347 567 1389 Ε
583 1346 609 1388 s
646 1323 816 1389 Mich.
835 1328 902 1389 G.
922 1351 948 1386 2
959 1350 1056 1404 04.
1100 1327 1313 1397 Planta
1329 1327 1531 1390 variae
1530 1333 1697 1411 figu-

95 1424 224 1476 rae,
249 1407 550 1492 sttperficie
573 1410 721 1472 laeui
742 1433 755 1478 ;
772 1409 1000 1491 semina
1035 1413 1096 1474 in
1104 1410 1396 1493 steperiori
1410 1427 1589 1493 parte
1604 1415 1697 1498 pi-

97 1488 194 1559 lei,
207 1492 305 1554 vel
322 1493 557 1576 capituli
569 1515 796 1574 gerens.

60 1608 67 1613 ’
99 1650 306 1717 1231.
333 1631 760 1704 ΡΕΖῙΖΑ.
800 1635 944 1699 Dill.
975 1636 1257 1721 symm.
1296 1634 1364 1696 G.
1400 1638 1500 1712 76.
1532 1634 1698 1700 Linn.

177 1722 460 1790 Ed.V.n.
484 1739 650 1798 1080.
694 1727 1042 1810 Gled.Fung.
1069 1738 1203 1810 136.
1244 1751 1330 1791 εγ
1353 1750 1616 1793 ATHOI-

590 1830 723 1874 DEs
766 1811 940 1874 Mich.
965 1816 1033 1875 G.
1065 1837 1201 1879 222.

190 1917 396 1982 Planta
426 1938 665 1998 tenera,
698 1923 1001 1996 coriacen,
1042 1922 1496 2004 cypthiforrnis‚
1535 1921 1698 1986 infe-

96 1998 220 2061 rius
254 2003 600 2084 angustior,
652 2001 923 2086 superius
960 2005 1278 2087 ampliatae,
1332 2024 1394 2066 et
1427 2008 1696 2088 primum

96 2082 444 2145 membrana
469 2104 678 2148 tenera
701 2085 884 2158 ῑεέὶει,
928 2108 1046 2168 qua
1072 2085 1219 2156 fiffa,
1257 2086 1486 2149 fruetus
1516 2088 1699 2150 lenti-

96 2163 362 2238 formeS,
399 2166 570 2229 tenui
609 2166 962 2250 pedunculo
993 2169 1389 2232 adhaerentes
1426 2190 1502 2231 ex
1536 2190 1692 2233 cauo

96 2245 407 2320 secedunt,
448 2249 554 2332 qui
580 2249 822 2334 pulpofi
844 2248 982 2315 sunt
1009 2271 1071 2315 et
1087 2251 1401 2334 glutinem
1440 2250 1694 2318 semina-

97 2348 221 2412 que
243 2331 498 2415 plurima
520 2333 866 2397 continent.

184 2456 218 2497 F
234 2455 273 2495 v
287 2457 327 2497 N
343 2456 436 2498 Gn
452 2458 468 2495 ι
483 2457 525 2498 D
541 2459 571 2494 E
586 2458 612 2499 s
652 2437 812 2499 Vaill.
837 2440 964 2503 Bot.
989 2440 1127 2503 Par.
1144 2445 1228 2518 56.
1252 2400 1308 2503 ei
1333 2427 1505 2505 Mi'ch.
1523 2425 1696 2526 quae·

98 2519 235 2584 dam
237 2517 455 2610 species
477 2518 582 2583 huc
600 2522 812 2602 potius,
855 2545 1034 2607 quam
1056 2524 1141 2587 ad
1142 2525 1493 2606 praecedens
1508 2547 1692 2606 genus

92 2619 383 2685 pertment
397 2625 420 2675 ,·
469 2625 502 2664 P
519 2625 550 2665 E
566 2624 602 2665 Ζ
618 2626 635 2665 1
651 2624 686 2666 Ζ
703 2626 741 2665 A
758 2626 784 2666 s
801 2605 1145 2688 stutellatas
1177 2627 1232 2672 et
1268 2610 1580 2692 pyxidatas
1615 2608 1700 2674 ad

100 2689 134 2748 Ε
149 2706 183 2748 L
200 2708 233 2747 v
249 2710 279 2746 E
292 2707 325 2748 L
341 2708 379 2747 A
392 2707 438 2749 M
464 2687 693 2750 reduxit
724 2689 1110 2771 Gleditfihius.

186 2809 689 2853 CYATHOIDEM
711 2793 883 2858 Mich.
901 2813 955 2858 et
981 2814 1303 2858 Pssz1ZAM
1336 2792 1479 2857 Dill.
1502 2813 1567 2858 vt
1586 2795 1696 2858 duo

100 2873 327 2955 diuerfiz
355 2894 571 2954 genera
583 2876 872 2957 proposiait
910 2880 1065 2942 Hall.
1098 2879 1264 2942 Helv.
1295 2895 1349 2960 p.
1385 2901 1406 2939 1
1420 2901 1469 2956 7.
1508 2897 1563 2942 et
1599 2900 1615 2938 ι
1634 2890 1688 2950 8.

101 2957 265 3021 nulla
287 2956 613 3040 diffiremia
640 2978 930 3026 annotata.

186 3081 221 3122 c
237 3083 266 3122 γ
289 3084 325 3122 A
343 3082 439 3123 ΤΗ
459 3085 471 3121 ι
493 3082 532 3122 A
588 3059 728 3122 Hill.
753 3081 814 3147 p.
845 3087 923 3142 55.
975 3065 1198 3129 Brown.
1236 3064 1380 3124 Iam.
1419 3072 1510 3141 78.
1559 3083 1691 3135 cum

101 3162 138 3207 c
153 3164 190 3206 Y
203 3166 243 3206 A
258 3167 297 3209 T
309 3166 354 3209 Η
366 3165 406 3208 ο
420 3167 437 3206 ι
452 3166 494 3208 n
509 3167 540 3207 E
569 3144 748 3211 Mich.
772 3153 1034 3214 conuenit
1045 3172 1068 3222 ,·
1103 3170 1201 3214 nec
1219 3146 1416 3230 diffi’rt
1430 3167 1453 3208 .·

1421 3294 1687 3367 ENC'AE-
