2131 3708
581 260 1273 337 ΡΚΑΕΙΓΑἸἹΟ.ι
1617 265 1715 339 XI

86 449 90 453 ’
120 447 287 521 titos
307 503 324 531 ,
359 444 464 518 sed
494 466 561 517 et
589 445 1014 518 accidentales
1046 471 1126 516 ex
1164 446 1426 542 reliquis
1456 448 1712 542 plantae

120 560 415 657 partibus
435 557 856 650 colligendos
872 557 1201 628 interdum
1235 560 1528 653 subiecit,
1553 561 1711 632 licet

121 675 308 746 enim.
350 698 430 742 ex
459 670 561 740 his
605 695 840 763 genera
888 691 1042 741 tuto
1075 670 1331 741 definiri
1361 695 1713 769 nequeant,

121 783 561 859 euidentiores
610 804 830 854 tamen
877 783 1268 855 charaeteres
1300 785 1550 856 tirones
1581 785 1710 857 bo-

114 897 372 969 tanicos
405 922 902 993 nonnunquam,
943 922 1241 991 inprimis
1258 923 1324 968 1n
1345 898 1710 993 plantarum

117 1008 550 1081 officinalium
635 1012 1285 1113 contemplatione,
1402 1011 1709 1085 instrucre

116 1123 348 1198 solent.

275 1352 351 1423 In
380 1352 726 1446 generibus
760 1352 1183 1426 inferioribus
1215 1346 1298 1424 =et
1327 1351 1713 1425 nominibus

111 1467 433 1562 genericis
479 1466 704 1561 paffim
737 1494 770 1538 a
812 1467 1144 1538 sententiis
1191 1468 1353 1537 meis
1388 1489 1571 1538 antea
1606 1493 1711 1538 ex-

112 1578 349 1676 pofitis
389 1579 678 1670 receffit,
720 1579 853 1672 ipse
895 1580 1089 1649 etiam
1132 1604 1366 1672 genera
1396 1580 1712 1676 quaedam

112 1694 309 1763 nouis
352 1691 735 1761 nominibus
779 1689 1153 1784 insigniuit9
1228 1716 1352 1786 qua
1382 1693 1451 1761 in
1497 1718 1566 1762 re
1600 1694 1711 1763 vel

112 1805 268 1876 ideo
305 1805 624 1875 taxandus
666 1829 809 1874 non
838 1805 994 1886 erit,
1044 1804 1360 1900 quoniam
1388 1804 1714 1876 rationem

112 1918 502 1990 mutationis
557 1916 811 2012 semper
852 1917 1192 2011 exposuit,
1245 1942 1370 1988 nec
1416 1917 1716 1989 audaffier

111 2057 312 2103 Vnam
347 2031 740 2127 alteramque
768 2029 1052 2127 speciem
1091 2056 1125 2102 a
1167 2055 1404 2126 genere
1435 2033 1714 2129 antiquo

114 2142 477 2239 decerpsit,
541 2143 650 2215 sed
682 2166 980 2217 accurate
1010 2145 1299 2217 definitis
1335 2146 1597 2240 plantis,
1642 2167 1710 2218 et

114 2284 390 2357 quarum
451 2258 724 2330 nomina
787 2257 1052 2330 assumta
1109 2257 1569 2335 confufionem
1611 2260 1713 2331 in-

116 2371 474 2446 troducere
530 2372 964 2457 videbantur,
998 2398 1068 2444 ea
1115 2374 1388 2446 nomina
1432 2373 1712 2456 addidit,

116 2511 281 2584 quae
311 2485 490 2559 forte
518 2507 585 2559 et
613 2487 747 2561 aliis
788 2487 1126 2561 Botanicis
1157 2487 1495 2586 displicere
1540 2485 1713 2559 haud

115 2621 457 2699 poterunt.

274 2822 599 2919 Inprimis
628 2850 794 2898 vero
826 2825 931 2897 ille
963 2849 1115 2897 eum
1143 2787 1345 2896 finem
1366 2880 1383 2908 ,
1415 2844 1611 2921 quem
1644 2821 1714 2894 in

86 2922 88 2925 ⁵
116 2933 340 3006 libello
371 2959 519 3009 ante
547 2939 667 3010 hac
697 2939 1026 3011 delineato
1055 2939 1221 3009 mihi
1264 2937 1718 3033 praefixeram,

119 3047 395 3120 sollicite
443 3052 872 3149 persequutus
909 3052 997 3125 est
1031 3074 1098 3122 et
1142 3050 1716 3123 introdufi‘tionem

118 3160 190 3234 in
216 3162 444 3234 omnia
474 3163 955 3239 Botanicorum
986 3165 1222 3260 scripta
1252 3163 1563 3259 perfecit,
1605 3163 1718 3247 ita,

1632 3297 1711 3349 Vt
