2131 3708
406 313 475 387 X
852 305 1537 385 PRAEFATIO.

407 492 778 576 colendam,
806 488 1156 564 maximam
1189 515 1447 589 partem
1479 488 1606 565 otii
1632 494 1762 567 sui
1742 521 1810 566 in
1844 521 1993 568 exa-

405 608 724 688 minandis
764 607 1109 702 generibus
1148 628 1217 679 et
1249 606 1626 681 ordinandis
1652 606 1991 738 speciebus

404 731 771 838 plantarum
808 719 1180 810 consumsit.

506 952 681 1026 Non
696 952 1020 1026 recusabat
1035 950 1324 1023 eruditus
1342 947 1451 1021 hic
1467 970 1533 1022 et
1550 970 1839 1023 attentus
1853 950 1988 1022 Bo-

399 1073 656 1147 tanicus
675 1093 844 1139 onus
859 1068 929 1137 in
945 1066 1005 1138 se
1034 1065 1373 1160 suscipere,
1392 1064 1581 1162 quod
1600 1065 1659 1134 ei
1678 1065 1989 1158 impone-

397 1189 587 1270 bam,
645 1181 753 1258 sed
781 1182 973 1252 amici
990 1177 1317 1250 desideriis
1348 1203 1514 1249 mox
1542 1176 1992 1278 satisfaciebat,

396 1297 885 1376 obseruationes
921 1292 1055 1365 suas
1100 1318 1256 1367 cum
1295 1290 1519 1363 libello
1549 1290 1779 1363 nostro
1823 1316 1988 1363 con-

395 1414 682 1506 serebat-9
740 1410 999 1492 omnia,
1056 1433 1220 1506 quae
1249 1407 1558 1479 hastenus
1592 1432 1626 1476 a
1667 1406 1990 1500 praestan-

393 1528 648 1601 tiffimis
683 1525 776 1596 rei
821 1521 1153 1597 herbariae
1180 1521 1611 1614 scriptoribus
1639 1518 1988 1615 propofita

392 1642 687 1726 fuerant,
760 1656 948 1709 caute
989 1634 1439 1732 ponderabat,
1496 1655 1563 1705 et
1606 1633 1832 1727 paffim
1872 1632 1986 1705 ad-

392 1754 690 1837 iiciebat,
739 1777 876 1847 quo
921 1775 1063 1820 non
1097 1768 1358 1819 tantum
1383 1749 1459 1817 iis
1479 1803 1496 1830 ,
1527 1746 1642 1844 qui
1685 1747 1988 1841 pinacem

395 1865 571 1967 quasi
615 1889 931 1961 generum
973 1882 1330 1958 expetunt,
1383 1858 1491 1931 sed
1523 1881 1590 1930 et
1621 1857 1891 1931 strenuis
1921 1881 1990 1932 et

391 1981 669 2054 eruditis
790 1978 1155 2075 plantarum
1251 1972 1746 2072 indagatoribus
1781 2065 1790 2079 δ
1843 1973 1990 2049 satis

391 2096 653 2168 faceret.

562 2325 637 2395 ln
679 2322 1115 2396 delineatione
1153 2319 1500 2406 methodi,
1560 2345 1597 2390 a
1627 2308 1823 2392 nobis
1854 2319 1980 2391 ele-

390 2442 559 2523 ‹stae‚
588 2437 751 2508 nihil
780 2439 1099 2531 mutauit9
1127 2462 1280 2509 cum
1309 2433 1672 2533 persuasum
1690 2415 1984 2517 haberet,

389 2555 462 2623 in
496 2551 791 2623 examine
827 2551 1177 2625 succeffiuo
1206 2552 1494 2646 partium
1535 2549 1719 2619 floris
1767 2547 1981 2631 ideam

386 2666 752 2761 generalem
827 2668 994 2761 aptis
1057 2666 1400 2738 vocabulis
1456 2660 1981 2758 exprimendam,

385 2801 455 2850 et
494 2781 564 2850 in
613 2778 1113 2852 definitionibus
1157 2779 1359 2876 ipsam
1401 2778 1630 2866 harum
1688 2776 1978 2872 partium

383 2894 770 2964 vlteriorem
835 2895 1343 2991 explicationem
1404 2889 1977 2986 comprehenden-

385 3006 536 3078 dam
584 3006 740 3099 ess'e‚
799 3034 938 3104 quo
985 3034 1219 3102 genera
1257 3008 1566 3079 inferiora
1609 3003 1975 3076 commode

383 3120 554 3191 inter
582 3120 642 3192 se
671 3121 956 3193 conferri
976 3143 1232 3219 queant.
1316 3123 1488 3194 Non
1518 3140 1775 3192 tantum
1805 3143 1972 3187 vero

381 3231 773 3335 charaffiteres
806 3236 1153 3310 essentiales
1199 3262 1279 3308 ex
1307 3238 1474 3310 flore
1511 3254 1576 3307 et
1603 3231 1818 3305 fruffl]
1850 3255 1971 3325 pe-

1780 3365 1971 3430 t1t08‚
