2131 3708
351 285 491 356 ’ΧΠ
810 279 1488 355 PRAEFATIO.

369 488 447 538 vt
475 467 542 536 in
578 464 790 535 citatis
839 490 1072 537 eorum
1102 466 1280 539 libris
1328 469 1606 565 quilibet
1644 467 1814 543 facili
1837 497 1953 561 ne—

368 581 565 675 gotio
609 577 900 670 plantam
933 579 1333 675 descriptam
1368 584 1679 654 euoluere
1710 607 1777 655 et
1828 585 1953 657 dis-

367 691 615 766 sensum
634 748 651 776 ,
679 693 793 790 qui
819 693 1065 790 saepius
1095 697 1408 782 occurrit,
1443 696 1847 791 cognoscere
1871 719 1953 769 ετ

370 803 724 877 diiudicare
750 829 963 904 queat.
1067 792 1078 797 ”

525 1031 696 1105 Sunt
726 1037 994 1132 quidem
1019 1038 1192 1109 inter
1218 1038 1310 1108 rei
1335 1037 1666 1109 herbariae
1694 1038 1954 1134 indaga-

367 1164 573 1231 tores,
616 1151 730 1244 qui
772 1153 1136 1246 plantarum
1165 1151 1586 1223 definitiones
1621 1175 1689 1224 et
1705 1155 1955 1247 praeci-

365 1284 502 1355 pue
565 1261 805 1337 limites
859 1267 1251 1337 inferiorum
1306 1291 1621 1360 generum
1682 1293 1764 1337 ex
1824 1266 1958 1363 ipsa

363 1372 511 1446 idea
578 1379 883 1450 methodi
955 1379 1290 1466 assumtae,
1370 1401 1507 1476 'per
1558 1382 1957 1474 peculiarem

363 1488 700 1559 interdum
731 1514 797 1561 et
826 1494 1182 1564 naturalem
1209 1496 1745 1566 conuenientiam
1773 1496 1956 1565 limi-

364 1621 561 1685 tatae,
590 1625 658 1674 et
686 1603 843 1676 ideo
877 1630 957 1675 ex
985 1606 1158 1676 veris
1185 1608 1559 1701 Principiis,
1592 1608 1953 1681 deducunt.

367 1716 544 1787 Sunt
578 1719 716 1801 alii,
751 1720 902 1816 qui,
932 1719 1168 1790 leuiori
1196 1719 1381 1815 saepe
1421 1722 1714 1814 partium
1764 1721 1958 1793 diffe-

364 1832 574 1902 rentia
630 1833 999 1919 commoti,
1037 1860 1273 1928 genera
1313 1859 1490 1906 noua
1527 1834 1956 1910 constituunt.

363 1944 471 2016 Ex
557 1946 659 2019 his
717 1949 990 2046 quidem
1058 1949 1316 2044 priores
1390 1969 1648 2019 tantum
1709 1949 1956 2019 citandi

365 2057 654 2144 fuiffent,
715 2064 1031 2160 quoniam
1062 2089 1203 2134 non
1231 2063 1347 2134 nisi
1382 2062 1512 2145 illi,
1569 2061 1686 2160 qui
1725 2083 1955 2134 totum

366 2176 459 2246 rei
491 2176 815 2249 herbariae
843 2178 1164 2249 ambitum
1194 2177 1640 2273 perspiciunt,
1684 2198 1753 2247 et
1792 2176 1953 2247 ideo

365 2316 488 2386 per
520 2316 753 2363 omnes
791 2294 1152 2366 artificiales
1180 2286 1559 2388 methodos?
1590 2291 1809 2383 duffi,
1839 2316 1951 2361 na-

363 2406 640 2476 turalem
699 2406 871 2504 quafi
928 2407 1047 2479 fibi
1100 2408 1445 2502 propriam
1498 2405 1954 2498 reddiderunt,

362 2519 697 2591 Auelores
779 2521 1087 2619 sequendi
1133 2521 1279 2593 sunt
1311 2552 1329 2604 ;
1432 2519 1513 2591 ad
1565 2516 1952 2591 vlteriorem

361 2654 585 2704 tamen
615 2633 805 2705 studii
836 2636 1129 2707 botanici
1157 2635 1634 2730 perfeffionem
1664 2635 1950 2706 omnino

362 2745 552 2831 facit,
596 2746 640 2818 fi
688 2750 913 2856 omnig
959 2751 1214 2822 monita
1254 2749 1654 2844 scriptorum
1697 2773 1958 2841 conge-·

361 2883 629 2946 runtur,
657 2890 795 2960 quo
827 2866 1101 2960 quilibet
1130 2864 1495 2959 perspicere
1527 2884 1744 2961 queat,
1767 2887 1948 2931 num

364 2998 432 3045 et
465 2977 543 3060 ii,
592 2981 706 3073 qui
749 2978 1088 3073 singularia
1118 2978 1301 3072 saepe
1328 3003 1561 3071 genera
1591 2975 1949 3046 constitue-
2024 3053 2031 3059 ,

364 3112 540 3174 runt,
574 3090 740 3163 hanc
772 3120 912 3165 rem
944 3122 1023 3167 ex
1054 3093 1224 3164 veris
1263 3092 1671 3185 cognitionis
1701 3076 1948 3184 princi-

363 3203 490 3297 piis
537 3205 945 3282 deduxerint.
1064 3210 1135 3281 Si
1167 3211 1343 3280 enim
1381 3201 1948 3313 praestantissimos

1732 3307 1947 3394 Viros
